@article{acemoglu2001good,
  title={Good jobs versus bad jobs},
  author={Acemoglu, Daron},
  journal={Journal of labor Economics},
  volume={19},
  number={1},
  pages={1--21},
  year={2001},
  publisher={The University of Chicago Press}
}
@article{bandiera2005social,
  title={Social preferences and the response to incentives: Evidence from personnel data},
  author={Bandiera, Oriana and Barankay, Iwan and Rasul, Imran},
  journal={The Quarterly Journal of Economics},
  volume={120},
  number={3},
  pages={917--962},
  year={2005},
  publisher={MIT Press}
}
@article{bandiera2009social,
  title={Social connections and incentives in the workplace: Evidence from personnel data},
  author={Bandiera, Oriana and Barankay, Iwan and Rasul, Imran},
  journal={Econometrica},
  volume={77},
  number={4},
  pages={1047--1094},
  year={2009},
  publisher={Wiley Online Library}
}
@article{beaman2012gets,
  title={Who gets the job referral? Evidence from a social networks experiment},
  author={Beaman, Lori and Magruder, Jeremy},
  journal={American Economic Review},
  volume={102},
  number={7},
  pages={3574--93},
  year={2012}
}
 @article{becker1962investment,
  title={Investment in human capital: A theoretical analysis},
  author={Becker, Gary S},
  journal={Journal of Political Economy},
  volume={70},
  number={5, Part 2},
  pages={9--49},
  year={1962},
  publisher={The University of Chicago Press}
}
@incollection{becker1975investment,
  title={Investment in human capital: effects on earnings},
  author={Becker, Gary S},
  booktitle={Human Capital: A Theoretical and Empirical Analysis, with Special Reference to Education, Second Edition},
  pages={13--44},
  year={1975},
  publisher={NBER}
}
@article{brown1989wages,
  title={Why do wages increase with tenure? On-the-job training and life-cycle wage growth observed within firms},
  author={Brown, James N},
  journal={The American Economic Review},
  pages={971--991},
  year={1989},
  publisher={JSTOR}
}
@article{brown2016informal,
  title={Do informal referrals lead to better matches? Evidence from a firmâ€™s employee referral system},
  author={Brown, Meta and Setren, Elizabeth and Topa, Giorgio},
  journal={Journal of Labor Economics},
  volume={34},
  number={1},
  pages={161--209},
  year={2016},
  publisher={University of Chicago Press Chicago, IL}
}
@article{burks2015value,
  title={The value of hiring through employee referrals},
  author={Burks, Stephen V and Cowgill, Bo and Hoffman, Mitchell and Housman, Michael},
  journal={The Quarterly Journal of Economics},
  volume={130},
  number={2},
  pages={805--839},
  year={2015},
  publisher={MIT Press}
}
@article{calvo2004effects,
  title={The effects of social networks on employment and inequality},
  author={Calvo-Armengol, Antoni and Jackson, Matthew O},
  journal={American economic review},
  volume={94},
  number={3},
  pages={426--454},
  year={2004}
}
@article{carmichael1985wage,
  title={Wage Profiles, Layoffs, and Specific Training: Comment},
  author={Carmichael, H Lorne},
  journal={International Economic Review},
  pages={747--751},
  year={1985},
  publisher={JSTOR}
}
@article{castilla2005social,
  title={Social networks and employee performance in a call center},
  author={Castilla, Emilio J},
  journal={American journal of sociology},
  volume={110},
  number={5},
  pages={1243--1283},
  year={2005},
  publisher={The University of Chicago Press}
}
@article{corcoran1980most,
  title={Most workers find jobs through word of mouth},
  author={Corcoran, Mary and Datcher, Linda and Duncan, Greg J},
  journal={Monthly Labor Review},
  volume={103},
  number={8},
  pages={33--35},
  year={1980},
  publisher={JSTOR}
}
@article{coverdill1998fit,
  title={Fit and skill in employee selection: Insights from a study of headhunters},
  author={Coverdill, James E and Finlay, William},
  journal={Qualitative Sociology},
  volume={21},
  pages={105--127},
  year={1998},
  publisher={Springer}
}
@article{datcher1983impact,
  title={The impact of informal networks on quit behavior},
  author={Datcher, Linda},
  journal={The review of Economics and Statistics},
  pages={491--495},
  year={1983},
  publisher={JSTOR}
}
@article{de1932workers,
  title={How Workers Find Jobs: A Study of Four Thousand Hosiery Workers in Philadelphia. Wharton School of Finance and Commerce},
  author={De Schweinitz, Dorothea},
  journal={Research Studies},
  number={16},
  year={1932}
}
@article{dustmann2016referral,
  title={Referral-based job search networks},
  author={Dustmann, Christian and Glitz, Albrecht and Sch{\"o}nberg, Uta and Br{\"u}cker, Herbert},
  journal={The Review of Economic Studies},
  volume={83},
  number={2},
  pages={514--546},
  year={2016},
  publisher={Oxford University Press}
}
@article{elliott1999social,
  title={Social isolation and labor market insulation: Network and neighborhood effects on less-educated urban workers},
  author={Elliott, James R},
  journal={The Sociological Quarterly},
  volume={40},
  number={2},
  pages={199--216},
  year={1999},
  publisher={Taylor \& Francis}
}
@article{ekinci2016employee,
  title={Employee referrals as a screening device},
  author={Ekinci, Emre},
  journal={The RAND Journal of Economics},
  volume={47},
  number={3},
  pages={688--708},
  year={2016},
  publisher={Wiley Online Library}
}
@article{fernandez2000social,
  title={Social capital at work: Networks and employment at a phone center},
  author={Fernandez, Roberto M and Castilla, Emilio J and Moore, Paul},
  journal={American journal of sociology},
  volume={105},
  number={5},
  pages={1288--1356},
  year={2000},
  publisher={University of Chicago Press}
}
@article{friebel2023employee,
  title={What do employee referral programs do? Measuring the direct and overall effects of a management practice},
  author={Friebel, Guido and Heinz, Matthias and Hoffman, Mitchell and Zubanov, Nick},
  journal={Journal of Political Economy},
  volume={131},
  number={3},
  pages={633--686},
  year={2023},
  publisher={The University of Chicago Press Chicago, IL}
}
@article{galenianos2013learning,
  title={Learning about match quality and the use of referrals},
  author={Galenianos, Manolis},
  journal={Review of Economic Dynamics},
  volume={16},
  number={4},
  pages={668--690},
  year={2013},
  publisher={Elsevier}
}
@article{gibbons1999theory,
  title={A theory of wage and promotion dynamics inside firms},
  author={Gibbons, Robert and Waldman, Michael},
  journal={The Quarterly Journal of Economics},
  volume={114},
  number={4},
  pages={1321--1358},
  year={1999},
  publisher={MIT Press}
}
@article{gibbons2004task,
  title={Task-specific human capital},
  author={Gibbons, Robert and Waldman, Michael},
  journal={American Economic Review},
  volume={94},
  number={2},
  pages={203--207},
  year={2004},
  publisher={American Economic Association}
}
@article{gibbons2006enriching,
  title={Enriching a theory of wage and promotion dynamics inside firms},
  author={Gibbons, Robert and Waldman, Michael},
  journal={Journal of Labor Economics},
  volume={24},
  number={1},
  pages={59--107},
  year={2006},
  publisher={The University of Chicago Press}
}
@article{granovetter1995coase,
  title={Coase revisited: Business groups in the modern economy},
  author={Granovetter, Mark},
  journal={Industrial and corporate change},
  volume={4},
  number={1},
  pages={93--130},
  year={1995},
  publisher={Oxford University Press}
}
@article{green1999racial,
  title={Racial and ethnic differences in job-search strategies in Atlanta, Boston, and Los Angeles},
  author={Green, Gary Paul and Tigges, Leann M and Diaz, Daniel},
  journal={Social science quarterly},
  pages={263--278},
  year={1999},
  publisher={JSTOR}
}
@article{heath2018firms,
  title={Why do firms hire using referrals? Evidence from Bangladeshi garment factories},
  author={Heath, Rachel},
  journal={Journal of Political Economy},
  volume={126},
  number={4},
  pages={1691--1746},
  year={2018},
  publisher={University of Chicago Press Chicago, IL}
}
@article{holzer1987job,
  title={Job search by employed and unemployed youth},
  author={Holzer, Harry J},
  journal={ILR Review},
  volume={40},
  number={4},
  pages={601--611},
  year={1987},
  publisher={SAGE Publications Sage CA: Los Angeles, CA}
}
@misc{holzer1987hiring,
  title={Hiring procedures in the firm: Their economic determinants and outcomes},
  author={Holzer, Harry J},
  year={1987},
  publisher={National Bureau of Economic Research Cambridge, Mass., USA}
}
@article{holzer1988search,
  title={Search method use by unemployed youth},
  author={Holzer, Harry J},
  journal={Journal of Labor Economics},
  volume={6},
  number={1},
  pages={1--20},
  year={1988},
  publisher={University of Chicago Press}
}
@misc{holzer1986informal,
  title={Informal job search and black youth unemployment},
  author={Holzer, Harry J},
  year={1986},
  publisher={National Bureau of Economic Research Cambridge, Mass., USA}
}
@article{jovanovic1979job,
  title={Job matching and the theory of turnover},
  author={Jovanovic, Boyan},
  journal={Journal of Political Economy},
  volume={87},
  number={5, Part 1},
  pages={972--990},
  year={1979},
  publisher={The University of Chicago Press}
}
@article{korenman1996employment,
  title={Employment contacts and minority-white wage differences},
  author={Korenman, Sanders and Turner, Susan C},
  journal={Industrial Relations: A Journal of Economy and Society},
  volume={35},
  number={1},
  pages={106--122},
  year={1996},
  publisher={Wiley Online Library}
}
@article{kugler2003employee,
  title={Employee referrals and efficiency wages},
  author={Kugler, Adriana D},
  journal={Labour Economics},
  volume={10},
  number={5},
  pages={531--556},
  year={2003},
  publisher={Elsevier}
}
@article{kuzubas2009endogenous,
  title={Endogenous social networks in the labor market},
  author={Kuzubas, Tolga U and others},
  journal={Unpublished, Unpublished manuscript, University of Minnesota},
  year={2009}
}
@article{lalanne2016old,
  title={The old boy network: The impact of professional networks on remuneration in top executive jobs},
  author={Lalanne, Marie and Seabright, Paul},
  year={2016},
  publisher={SAFE Working Paper}
}
@techreport{lalanne2021social,
  title={Social networks and job referrals in recruitment},
  author={Lalanne, Marie and others},
  year={2021},
  institution={Collegio Carlo Alberto}
}
@article{lazear2009firm,
  title={Firm-specific human capital: A skill-weights approach},
  author={Lazear, Edward P},
  journal={Journal of Political Economy},
  volume={117},
  number={5},
  pages={914--940},
  year={2009},
  publisher={The University of Chicago Press}
}
@article{lazear2011inside,
  title={Inside the firm: contributions to personnel economics},
  author={Lazear, Edward P and others},
  journal={OUP Catalogue},
  year={2011},
  publisher={Oxford University Press}
}
@article{lester2021heterogeneous,
  title={The heterogeneous impact of referrals on labor market outcomes},
  author={Lester, Benjamin R and Rivers, David and Topa, Giorgio},
  journal={FRB of New York Staff Report},
  number={987},
  year={2021}
}
@article{lin1981social,
  title={Social resources and strength of ties: Structural factors in occupational status attainment},
  author={Lin, Nan and Ensel, Walter M and Vaughn, John C},
  journal={American sociological review},
  pages={393--405},
  year={1981},
  publisher={JSTOR}
}
@article{loury2006some,
  title={Some contacts are more equal than others: Informal networks, job tenure, and wages},
  author={Loury, Linda Datcher},
  journal={Journal of Labor Economics},
  volume={24},
  number={2},
  pages={299--318},
  year={2006},
  publisher={The University of Chicago Press}
}
@article{marsden2001social,
  title={Social networks, job changes, and recruitment},
  author={Marsden, Peter V and Gorman, Elizabeth H},
  journal={Sourcebook of labor markets},
  pages={467--502},
  year={2001},
  publisher={Springer}
}
@article{mccue1996promotions,
  title={Promotions and wage growth},
  author={McCue, Kristin},
  journal={Journal of Labor Economics},
  volume={14},
  number={2},
  pages={175--209},
  year={1996},
  publisher={University of Chicago Press}
}
@article{mcpherson2006social,
  title={Social isolation in America: Changes in core discussion networks over two decades},
  author={McPherson, Miller and Smith-Lovin, Lynn and Brashears, Matthew E},
  journal={American sociological review},
  volume={71},
  number={3},
  pages={353--375},
  year={2006},
  publisher={Sage Publications Sage CA: Los Angeles, CA}
}
@article{medoff1980experience,
  title={Experience, performance, and earnings},
  author={Medoff, James L and Abraham, Katharine G},
  journal={The Quarterly Journal of Economics},
  volume={95},
  number={4},
  pages={703--736},
  year={1980},
  publisher={MIT Press}
}
@incollection{mincer1981labor,
  title={Labor mobility and wages},
  author={Mincer, Jacob and Jovanovic, Boyan},
  booktitle={Studies in Labor Markets},
  pages={21--64},
  year={1981},
  publisher={University of Chicago Press}
}
@article{montgomery1991social,
  title={Social networks and labor-market outcomes: Toward an economic analysis},
  author={Montgomery, James D},
  journal={The American economic review},
  volume={81},
  number={5},
  pages={1408--1418},
  year={1991},
  publisher={JSTOR}
}
@article{montgomery1992job,
  title={Job search and network composition: Implications of the strength-of-weak-ties hypothesis},
  author={Montgomery, James D},
  journal={American Sociological Review},
  pages={586--596},
  year={1992},
  publisher={JSTOR}
}
@article{montgomery1994weak,
  title={Weak ties, employment, and inequality: An equilibrium analysis},
  author={Montgomery, James D},
  journal={American Journal of Sociology},
  volume={99},
  number={5},
  pages={1212--1236},
  year={1994},
  publisher={University of Chicago Press}
}
@book{morrison1990women,
  title={Women and minorities in management.},
  author={Morrison, Ann M and Von Glinow, Mary Ann},
  volume={45},
  number={2},
  year={1990},
  publisher={American Psychological Association}
}
@article{neckerman1991hiring,
  title={Hiring strategies, racial bias, and inner-city workers},
  author={Neckerman, Kathryn M and Kirschenman, Joleen},
  journal={Social problems},
  volume={38},
  number={4},
  pages={433--447},
  year={1991},
  publisher={Oxford University Press Oxford, UK}
}
@article{pallais2016referential,
  title={Why the referential treatment? Evidence from field experiments on referrals},
  author={Pallais, Amanda and Sands, Emily Glassberg},
  journal={Journal of Political Economy},
  volume={124},
  number={6},
  pages={1793--1828},
  year={2016},
  publisher={University of Chicago Press Chicago, IL}
}
@article{pellizzari2010friends,
  title={Do friends and relatives really help in getting a good job?},
  author={Pellizzari, Michele},
  journal={ILR Review},
  volume={63},
  number={3},
  pages={494--510},
  year={2010},
  publisher={SAGE Publications Sage CA: Los Angeles, CA}
}
@article{petersen2000offering,
  title={Offering a job: Meritocracy and social networks},
  author={Petersen, Trond and Saporta, Ishak and Seidel, Marc-David L},
  journal={American Journal of Sociology},
  volume={106},
  number={3},
  pages={763--816},
  year={2000},
  publisher={The University of Chicago Press}
}
@article{rees1966information,
  title={Information networks in labor markets},
  author={Rees, Albert},
  journal={The American Economic Review},
  volume={56},
  number={1/2},
  pages={559--566},
  year={1966},
  publisher={JSTOR}
}
@article{saloner1985old,
  title={Old boy networks as screening mechanisms},
  author={Saloner, Garth},
  journal={Journal of Labor Economics},
  volume={3},
  number={3},
  pages={255--267},
  year={1985},
  publisher={University of Chicago Press}
}
@article{simon1992matchmaker,
  title={Matchmaker, matchmaker: The effect of old boy networks on job match quality, earnings, and tenure},
  author={Simon, Curtis J and Warner, John T},
  journal={Journal of Labor Economics},
  volume={10},
  number={3},
  pages={306--330},
  year={1992},
  publisher={University of Chicago Press}
}
@incollection{topa2011labor,
  title={Labor markets and referrals},
  author={Topa, Giorgio},
  booktitle={Handbook of social economics},
  volume={1},
  pages={1193--1221},
  year={2011},
  publisher={Elsevier}
}
@article{topel1991specific,
  title={Specific capital, mobility, and wages: Wages rise with job seniority},
  author={Topel, Robert},
  journal={Journal of Political Economy},
  volume={99},
  number={1},
  pages={145--176},
  year={1991},
  publisher={The University of Chicago Press}
}
@article{waldman1984job,
  title={Job assignments, signalling, and efficiency},
  author={Waldman, Michael},
  journal={The RAND Journal of Economics},
  volume={15},
  number={2},
  pages={255--267},
  year={1984},
  publisher={JSTOR}
}
@article{waldman1984worker,
  title={Worker allocation, hierarchies and the wage distribution},
  author={Waldman, Michael},
  journal={The Review of Economic Studies},
  volume={51},
  number={1},
  pages={95--109},
  year={1984},
  publisher={Wiley-Blackwell}
}
@article{yakubovich2005weak,
  title={Weak ties, information, and influence: How workers find jobs in a local Russian labor market},
  author={Yakubovich, Valery},
  journal={American sociological review},
  volume={70},
  number={3},
  pages={408--421},
  year={2005},
  publisher={Sage Publications Sage CA: Los Angeles, CA}
}